@Misc{
    us,
    title={US-Cert Federal Incident Notification Guidelines},
    url={https://us-cert.cisa.gov/incident-notification-guidelines#Standard_Data_Elements},
    journal={US CERT}
},

